@BOOK{manetti:2014topologia,
	TITLE = {Topologia},
	AUTHOR = {Manetti, M.},
	ISBN = {9788847056626},
	SERIES = {UNITEXT},
	URL = {https://books.google.it/books?id=BvzvCAAAQBAJ},
	YEAR = {2014},
	PUBLISHER = {Springer Milan}
}

@BOOK{kosniowski:1988introduzione,
	TITLE = {Introduzione alla topologia algebrica},
	AUTHOR = {Kosniowski, C. and Pittalupa, M.},
	ISBN = {9788808064400},
	SERIES = {Collana di matematica. Testi e manuali},
	URL = {https://books.google.it/books?id=mIdrAAAACAAJ},
	YEAR = {1988},
	PUBLISHER = {Zanichelli}
}

@BOOK{krantz:2009guide,
	TITLE = {A Guide to Topology},
	AUTHOR = {Krantz, S.G.},
	ISBN = {9780883853467},
	LCCN = {2009929077},
	SERIES = {A Guide to Topology},
	URL = {https://books.google.it/books?id=O3tyezxgv28C},
	YEAR = {2009},
	PUBLISHER = {Mathematical Association of America}
}

@ONLINE {scott:nonum,
	TITLE = {Why is $\mathbb{R}/{\sim}$ not first countable at $[0]$, where $x \sim y \Leftrightarrow x = y\text{ or }x,y \in \mathbb{Z}$?},
	AUTHOR = {Brian M. Scott (https://math.stackexchange.com/users/12042/brian-m-scott)},
	HOWPUBLISHED = {Mathematics Stack Exchange},
	EPRINT = {https://math.stackexchange.com/q/1417425},
	URL = {https://math.stackexchange.com/q/1417425}
}

